@software{cltune,
  author = {Cedric Nugteren},
  title = {{CLTune: An Automatic OpenCL kernel tuning}}, 
  url = {https://github.com/CNugteren/CLTune},
  version = {2.7.0},
  year = {2017}
}

@misc{ballesterripoll2017sobol,
      title={Sobol Tensor Trains for Global Sensitivity Analysis}, 
      author={Rafael Ballester-Ripoll and Enrique G. Paredes and Renato Pajarola},
      year={2017},
      eprint={1712.00233},
      archivePrefix={arXiv},
      primaryClass={cs.NA}
}

@INPROCEEDINGS{Nugteren2015,
  author={Nugteren, Cedric and Codreanu, Valeriu},
  booktitle={2015 IEEE 9th International Symposium on Embedded Multicore/Many-core Systems-on-Chip}, 
  title={CLTune: A Generic Auto-Tuner for OpenCL Kernels}, 
  year={2015},
  volume={},
  number={},
  pages={195-202},
  doi={10.1109/MCSoC.2015.10}}

@Article{         harris2020array,
 title         = {Array programming with {NumPy}},
 author        = {Charles R. Harris and K. Jarrod Millman and St{\'{e}}fan J.
                 van der Walt and Ralf Gommers and Pauli Virtanen and David
                 Cournapeau and Eric Wieser and Julian Taylor and Sebastian
                 Berg and Nathaniel J. Smith and Robert Kern and Matti Picus
                 and Stephan Hoyer and Marten H. van Kerkwijk and Matthew
                 Brett and Allan Haldane and Jaime Fern{\'{a}}ndez del
                 R{\'{i}}o and Mark Wiebe and Pearu Peterson and Pierre
                 G{\'{e}}rard-Marchant and Kevin Sheppard and Tyler Reddy and
                 Warren Weckesser and Hameer Abbasi and Christoph Gohlke and
                 Travis E. Oliphant},
 year          = {2020},
 month         = sep,
 journal       = {Nature},
 volume        = {585},
 number        = {7825},
 pages         = {357--362},
 doi           = {10.1038/s41586-020-2649-2},
 publisher     = {Springer Science and Business Media {LLC}},
 url           = {https://doi.org/10.1038/s41586-020-2649-2}
}

@inproceedings{mckinney2010data,
  title={Data structures for statistical computing in python},
  author={McKinney, Wes and others},
  booktitle={Proceedings of the 9th Python in Science Conference},
  volume={445},
  pages={51--56},
  year={2010},
  organization={Austin, TX}
}
@ARTICLE{2020SciPy-NMeth,
  author  = {Virtanen, Pauli and Gommers, Ralf and Oliphant, Travis E. and
            Haberland, Matt and Reddy, Tyler and Cournapeau, David and
            Burovski, Evgeni and Peterson, Pearu and Weckesser, Warren and
            Bright, Jonathan and {van der Walt}, St{\'e}fan J. and
            Brett, Matthew and Wilson, Joshua and Millman, K. Jarrod and
            Mayorov, Nikolay and Nelson, Andrew R. J. and Jones, Eric and
            Kern, Robert and Larson, Eric and Carey, C J and
            Polat, {\.I}lhan and Feng, Yu and Moore, Eric W. and
            {VanderPlas}, Jake and Laxalde, Denis and Perktold, Josef and
            Cimrman, Robert and Henriksen, Ian and Quintero, E. A. and
            Harris, Charles R. and Archibald, Anne M. and
            Ribeiro, Ant{\^o}nio H. and Pedregosa, Fabian and
            {van Mulbregt}, Paul and {SciPy 1.0 Contributors}},
  title   = {{{SciPy} 1.0: Fundamental Algorithms for Scientific
            Computing in Python}},
  journal = {Nature Methods},
  year    = {2020},
  volume  = {17},
  pages   = {261--272},
  adsurl  = {https://rdcu.be/b08Wh},
  doi     = {10.1038/s41592-019-0686-2},
}

@article{scikit-learn,
 title={Scikit-learn: Machine Learning in {P}ython},
 author={Pedregosa, F. and Varoquaux, G. and Gramfort, A. and Michel, V.
         and Thirion, B. and Grisel, O. and Blondel, M. and Prettenhofer, P.
         and Weiss, R. and Dubourg, V. and Vanderplas, J. and Passos, A. and
         Cournapeau, D. and Brucher, M. and Perrot, M. and Duchesnay, E.},
 journal={Journal of Machine Learning Research},
 volume={12},
 pages={2825--2830},
 year={2011}
}

@Article{Hunter2007,
  Author    = {Hunter, J. D.},
  Title     = {Matplotlib: A 2D graphics environment},
  Journal   = {Computing in Science \& Engineering},
  Volume    = {9},
  Number    = {3},
  Pages     = {90--95},
  abstract  = {Matplotlib is a 2D graphics package used for Python for
  application development, interactive scripting, and publication-quality
  image generation across user interfaces and operating systems.},
  publisher = {IEEE COMPUTER SOC},
  doi       = {10.1109/MCSE.2007.55},
  year      = 2007
}

@Book{Montgomery1996,
  author    = {Montgomery, Douglas C.},
  publisher = {McGraw-Hill/Interamericana},
  title     = {Probabilidad y estadística aplicadas a la ingeniería},
  year      = {1996},
  address   = {México [etc},
  isbn      = {9701010175},
  booktitle = {Probabilidad y estadística aplicadas a la ingeniería},
  keywords  = {Estadística},
  language  = {spa},
}

@book{vanderplas2016python,
  added-at = {2018-04-06T06:05:12.000+0200},
  address = {Sebastopol, CA},
  author = {VanderPlas, Jake},
  biburl = {https://www.bibsonomy.org/bibtex/2d256f437fdead22cfa492cea80264bfc/achakraborty},
  interhash = {4d992e46bf106621f002329a16006e80},
  intrahash = {d256f437fdead22cfa492cea80264bfc},
  isbn = {978-1491912058},
  keywords = {2016 book machine-learning oreilly python software},
  publisher = {O'Reilly Media, Inc},
  timestamp = {2018-04-06T06:05:12.000+0200},
  title = {Python data science handbook : essential tools for working with data},
  year = 2016
}


